@misc{sentimentVsEmotionAnalysis,
    author          = {Shabaz Anwar },
    title           = {Sentiment Analysis versus Emotional Analysis: Same or Different? },
    year            = {2016},
    url    = {https://www.linkedin.com/pulse/sentiment-analysis-versus-emotional-same-different-shahbaz-anwar/}
}
@article{chowdhury2003natural,
  title={Natural language processing},
  author={Chowdhury, Gobinda G},
  journal={Annual review of information science and technology},
  volume={37},
  number={1},
  pages={51--89},
  year={2003},
  publisher={Wiley Online Library}
}
@inproceedings{hutto2014vader,
  title={Vader: A parsimonious rule-based model for sentiment analysis of social media text},
  author={Hutto, Clayton J and Gilbert, Eric},
  booktitle={Eighth international AAAI conference on weblogs and social media},
  year={2014}
}
@misc{vonnegutThesis,
    author = {Josh Jones},
    title  = {Kurt Vonnegut Diagrams the Shape of All Stories in a Master’s Thesis Rejected by U. Chicago },
    year   = {2014},
    url    = {http://www.openculture.com/2014/02/kurt-vonnegut-masters-thesis-rejected-by-u-chicago.html}
}
@article{liu2012sentiment,
  title={Sentiment analysis and opinion mining},
  author={Liu, Bing},
  journal={Synthesis lectures on human language technologies},
  volume={5},
  number={1},
  pages={1--167},
  year={2012},
  publisher={Morgan \& Claypool Publishers}
}
@article{loper2002nltk,
  title={NLTK: the natural language toolkit},
  author={Loper, Edward and Bird, Steven},
  journal={arXiv preprint cs/0205028},
  year={2002}
}
@misc{textblob,
  title   = {Textblob NLP Library},
  author  = {Loria, Steven and Keen, Peter and Yankovsky, Roman and Karesh, David and Dempsey, Evan and Childs, Wesley and Schnurr, Jeff and Qalieh, Adel and Ragnarsson, Lage and Coe, Jonathon and Calvo, Adirán L and Kulshrestha, Nitish and Eslava, John and Joseph, Albert and Tyler, James H and pavelmalai and Kolb, Jeff and Ong, Daniel and Moschella, Jamie},
  year    = {2018},
  url    = {https://textblob.readthedocs.io/en/dev/}
}
@InProceedings{stanfordNLP,
  author    = {Manning, Christopher D. and  Surdeanu, Mihai  and  Bauer, John  and  Finkel, Jenny  and  Bethard, Steven J. and  McClosky, David},
  title     = {The {Stanford} {CoreNLP} Natural Language Processing Toolkit},
  booktitle = {Association for Computational Linguistics (ACL) System Demonstrations},
  year      = {2014},
  pages     = {55--60},
  url       = {http://www.aclweb.org/anthology/P/P14/P14-5010}
}
@misc{vonnegutLecture,
    author = {Vonnegut, K},
    title  = {Lecture to Case Western Reserve University},
    year   = {2004},
    url    = {\url{https://www.youtube.com/watch?v=4_RUgnC1lm8}}
}
@article{reagan2016emotional,
  title     = {The emotional arcs of stories are dominated by six basic shapes},
  author    = {Reagan, Andrew J and Mitchell, Lewis and Kiley, Dilan and Danforth, Christopher M and Dodds, Peter Sheridan},
  journal   = {EPJ Data Science},
  volume    = {5},
  number    = {1},
  pages     = {31},
  year      = {2016},
  publisher = {SpringerOpen}
}
@misc{webPlotDigitizer,
    author = {Rohatgi, Ankit},
    title  = {Web Plot Digitizer Tool},
    year   = {2019},
    url    = {https://automeris.io/WebPlotDigitizer/}
}
@inproceedings{nasukawa2003sentiment,
  title={Sentiment analysis: Capturing favorability using natural language processing},
  author={Nasukawa, Tetsuya and Yi, Jeonghee},
  booktitle={Proceedings of the 2nd international conference on Knowledge capture},
  pages={70--77},
  year={2003}
}
@inproceedings{manning2014stanford,
  title={The Stanford CoreNLP natural language processing toolkit},
  author={Manning, Christopher D and Surdeanu, Mihai and Bauer, John and Finkel, Jenny Rose and Bethard, Steven and McClosky, David},
  booktitle={Proceedings of 52nd annual meeting of the association for computational linguistics: system demonstrations},
  pages={55--60},
  year={2014}
}
@article{eliza,
author = {Weizenbaum, Joseph},
title = {ELIZA—a Computer Program for the Study of Natural Language Communication between Man and Machine},
year = {1966},
issue_date = {January 1966},
publisher = {Association for Computing Machinery},
address = {New York, NY, USA},
volume = {9},
number = {1},
issn = {0001-0782},
url = {https://doi.org/10.1145/365153.365168},
doi = {10.1145/365153.365168},
journal = {Commun. ACM},
month = jan,
pages = {36–45},
numpages = {10}
}
@book{vonnegut_simon_2007, 
  place={New York},
  title={A man without a country},
  publisher={Seven Stories Press},
  author={Vonnegut, Kurt and Simon, Daniel},
  year={2007}
}
@book{vonnegut_1981,
  place={New York},
  title={Palm Sunday: an autobiographical collage},
  publisher={Delacorte Press},
  author={Vonnegut, Kurt},
  year={1981}
  }
@inproceedings{baron2008vard2,
  title={VARD2: A tool for dealing with spelling variation in historical corpora},
  author={Baron, Alistair and Rayson, Paul},
  booktitle={Postgraduate conference in corpus linguistics},
  year={2008}
}
@article{tausczik2010psychological,
  title={The psychological meaning of words: LIWC and computerized text analysis methods},
  author={Tausczik, Yla R and Pennebaker, James W},
  journal={Journal of language and social psychology},
  volume={29},
  number={1},
  pages={24--54},
  year={2010},
  publisher={Sage Publications Sage CA: Los Angeles, CA}
}
@inproceedings{rayson2007tagging,
  title={Tagging the Bard: Evaluating the accuracy of a modern POS tagger on Early Modern English corpora},
  author={Rayson, Paul and Archer, Dawn E and Baron, Alistair and Culpeper, Jonathan and Smith, Nicholas},
  booktitle={Proceedings of the Corpus Linguistics conference: CL2007},
  year={2007}
}